<?xml version="1.0" encoding="UTF-8"?>
<SOAP-ENV:Envelope xmlns:SOAP-ENV="http://schemas.xmlsoap.org/soap/envelope/" xmlns:ns1="http://oss.dbc.dk/ns/openformat" xmlns:os="http://oss.dbc.dk/ns/opensearch" xmlns:dc="http://purl.org/dc/elements/1.1/" xmlns:dkabm="http://biblstandard.dk/abm/namespace/dkabm/" xmlns:ISO639-2="http://lcweb.loc.gov/standards/iso639-2/" xmlns:dcmitype="http://purl.org/dc/dcmitype/" xmlns:dcterms="http://purl.org/dc/terms/" xmlns:ac="http://biblstandard.dk/ac/namespace/" xmlns:dkdcplus="http://biblstandard.dk/abm/namespace/dkdcplus/" xmlns:oss="http://oss.dbc.dk/ns/osstypes" xmlns:marcx="info:lc/xmlns/marcxchange-v1" xmlns:xsi="http://www.w3.org/2001/XMLSchema-instance">
  <SOAP-ENV:Body>
    <ns1:formatRequest>
      <ns1:originalData>
        <os:collection>
          <os:resultPosition>1</os:resultPosition>
          <os:numberOfObjects>1</os:numberOfObjects>
          <os:object>
            <dkabm:record>
              <ac:identifier>29213836|870970</ac:identifier>
              <ac:source>NJE</ac:source>
              <dc:title>Laust Sonne</dc:title>
              <dc:title xsi:type="dkdcplus:full">Laust Sonne</dc:title>
              <dc:creator>Laust Sonne</dc:creator>
              <dc:creator xsi:type="oss:sort">Sonne, Laust</dc:creator>
              <dc:subject xsi:type="dkdcplus:DK5">78.794:5</dc:subject>
              <dc:subject xsi:type="dkdcplus:DK5-Text">Rock (Beat). Moderne folkemusik (Folk)</dc:subject>
              <dc:subject xsi:type="dkdcplus:genre">dansk pop</dc:subject>
              <dc:subject xsi:type="dkdcplus:DBCM">electronica</dc:subject>
              <dc:subject xsi:type="dkdcplus:genre">electronica</dc:subject>
              <dc:subject xsi:type="dkdcplus:DBCM">pop</dc:subject>
              <dc:subject xsi:type="dkdcplus:genre">pop</dc:subject>
              <dc:subject xsi:type="dkdcplus:DBCM">rock</dc:subject>
              <dc:subject xsi:type="dkdcplus:genre">rock</dc:subject>
              <dc:subject xsi:type="dkdcplus:DBCM">vokal</dc:subject>
              <dcterms:audience>børnematerialer</dcterms:audience>
              <dcterms:audience>voksenmaterialer</dcterms:audience>
              <dkdcplus:version>2012 version</dkdcplus:version>
              <dc:publisher>EMI Music Denmark</dc:publisher>
              <dc:contributor>Rune Brꜳger</dc:contributor>
              <dc:contributor>Nikolaj Juel</dc:contributor>
              <dc:contributor>Nicolai Molbech</dc:contributor>
              <dc:contributor>Kristoffer Sonne</dc:contributor>
              <dc:contributor>Nikolaj Torp Larsen</dc:contributor>
              <dc:contributor>Marcus Winther-John</dc:contributor>
              <dc:date>2012</dc:date>
              <dc:type xsi:type="dkdcplus:BibDK-Type">Cd (musik)</dc:type>
              <dc:format>1 cd, 1 bilag</dc:format>
              <dc:identifier>We:Made EMI EMI 9558652</dc:identifier>
              <dc:language xsi:type="dcterms:ISO639-2">eng</dc:language>
              <dc:language>Engelsk</dc:language>
              <dcterms:hasPart xsi:type="dkdcplus:track">Lost my heart</dcterms:hasPart>
              <dcterms:hasPart xsi:type="dkdcplus:track">Disco heart</dcterms:hasPart>
              <dcterms:hasPart xsi:type="dkdcplus:track">Vertigo</dcterms:hasPart>
              <dcterms:hasPart xsi:type="dkdcplus:track">Taking it back</dcterms:hasPart>
              <dcterms:hasPart xsi:type="dkdcplus:track">Can you keep a secret</dcterms:hasPart>
              <dcterms:hasPart xsi:type="dkdcplus:track">Spell on you</dcterms:hasPart>
              <dcterms:hasPart xsi:type="dkdcplus:track">What about us</dcterms:hasPart>
              <dcterms:hasPart xsi:type="dkdcplus:track">Call me up</dcterms:hasPart>
              <dcterms:hasPart xsi:type="dkdcplus:track">Walk out the door</dcterms:hasPart>
              <dcterms:hasPart xsi:type="dkdcplus:track">How can I</dcterms:hasPart>
              <dcterms:hasPart xsi:type="dkdcplus:track">Chills</dcterms:hasPart>
              <dcterms:hasPart xsi:type="dkdcplus:track">Like a chemical</dcterms:hasPart>
              <dcterms:hasPart xsi:type="dkdcplus:track">Body talk</dcterms:hasPart>
              <dcterms:spatial xsi:type="dkdcplus:DBCM">Danmark</dcterms:spatial>
              <dcterms:temporal xsi:type="dkdcplus:DBCM">2010-2019</dcterms:temporal>
            </dkabm:record>
            <marcx:collection>
              <marcx:record format="danMARC2" type="Bibliographic">
                <marcx:leader>000000000000000000000000</marcx:leader>
                <marcx:datafield tag="001" ind1="0" ind2="0">
                  <marcx:subfield code="a">29213836</marcx:subfield>
                  <marcx:subfield code="b">870970</marcx:subfield>
                  <marcx:subfield code="c">20120210145818</marcx:subfield>
                  <marcx:subfield code="d">20120210</marcx:subfield>
                  <marcx:subfield code="f">a</marcx:subfield>
                  <marcx:subfield code="t">FAUST</marcx:subfield>
                </marcx:datafield>
                <marcx:datafield tag="004" ind1="0" ind2="0">
                  <marcx:subfield code="r">n</marcx:subfield>
                  <marcx:subfield code="a">e</marcx:subfield>
                </marcx:datafield>
                <marcx:datafield tag="006" ind1="0" ind2="0">
                  <marcx:subfield code="a">20120123</marcx:subfield>
                  <marcx:subfield code="c">20120523</marcx:subfield>
                  <marcx:subfield code="2">a</marcx:subfield>
                </marcx:datafield>
                <marcx:datafield tag="008" ind1="0" ind2="0">
                  <marcx:subfield code="t">s</marcx:subfield>
                  <marcx:subfield code="u">f</marcx:subfield>
                  <marcx:subfield code="a">2012</marcx:subfield>
                  <marcx:subfield code="b">dk</marcx:subfield>
                  <marcx:subfield code="l">eng</marcx:subfield>
                  <marcx:subfield code="v">0</marcx:subfield>
                </marcx:datafield>
                <marcx:datafield tag="009" ind1="0" ind2="0">
                  <marcx:subfield code="a">s</marcx:subfield>
                  <marcx:subfield code="g">xc</marcx:subfield>
                  <marcx:subfield code="b">a</marcx:subfield>
                  <marcx:subfield code="h">xx</marcx:subfield>
                </marcx:datafield>
                <marcx:datafield tag="023" ind1="0" ind2="0">
                  <marcx:subfield code="a">5099995586526</marcx:subfield>
                </marcx:datafield>
                <marcx:datafield tag="032" ind1="0" ind2="0">
                  <marcx:subfield code="a">DMO201207</marcx:subfield>
                </marcx:datafield>
                <marcx:datafield tag="039" ind1="0" ind2="0">
                  <marcx:subfield code="a">bef</marcx:subfield>
                </marcx:datafield>
                <marcx:datafield tag="100" ind1="0" ind2="0">
                  <marcx:subfield code="0"/>
                  <marcx:subfield code="a">Sonne</marcx:subfield>
                  <marcx:subfield code="h">Laust</marcx:subfield>
                </marcx:datafield>
                <marcx:datafield tag="245" ind1="0" ind2="0">
                  <marcx:subfield code="a">Laust Sonne</marcx:subfield>
                  <marcx:subfield code="j">Laust Sonne with Kristoffer Sonne ... [et al.]</marcx:subfield>
                  <marcx:subfield code="i">vocals by Laust Sonne</marcx:subfield>
                  <marcx:subfield code="j">produced by Kristoffer Sonne, Laust Sonne, Nikolaj Torp, Dyre Gormsen ... [et al.]</marcx:subfield>
                </marcx:datafield>
                <marcx:datafield tag="250" ind1="0" ind2="0">
                  <marcx:subfield code="a">[2012 version]</marcx:subfield>
                </marcx:datafield>
                <marcx:datafield tag="260" ind1="0" ind2="0">
                  <marcx:subfield code="b">EMI Music Denmark</marcx:subfield>
                  <marcx:subfield code="c">p 2012</marcx:subfield>
                </marcx:datafield>
                <marcx:datafield tag="300" ind1="0" ind2="0">
                  <marcx:subfield code="n">1 cd</marcx:subfield>
                  <marcx:subfield code="d">1 bilag</marcx:subfield>
                </marcx:datafield>
                <marcx:datafield tag="529" ind1="0" ind2="0">
                  <marcx:subfield code="a">MySpace</marcx:subfield>
                  <marcx:subfield code="u">http://www.myspace.com/laustsonne</marcx:subfield>
                </marcx:datafield>
                <marcx:datafield tag="531" ind1="0" ind2="0">
                  <marcx:subfield code="a">Indhold:</marcx:subfield>
                </marcx:datafield>
                <marcx:datafield tag="538" ind1="0" ind2="0">
                  <marcx:subfield code="f">We:Made</marcx:subfield>
                  <marcx:subfield code="f">EMI</marcx:subfield>
                  <marcx:subfield code="g">EMI 9558652</marcx:subfield>
                </marcx:datafield>
                <marcx:datafield tag="652" ind1="0" ind2="0">
                  <marcx:subfield code="m">78.794</marcx:subfield>
                  <marcx:subfield code="v">5</marcx:subfield>
                </marcx:datafield>
                <marcx:datafield tag="666" ind1="0" ind2="0">
                  <marcx:subfield code="m">rock</marcx:subfield>
                  <marcx:subfield code="m">pop</marcx:subfield>
                  <marcx:subfield code="m">electronica</marcx:subfield>
                  <marcx:subfield code="n">vokal</marcx:subfield>
                  <marcx:subfield code="p">2010-2019</marcx:subfield>
                  <marcx:subfield code="l">Danmark</marcx:subfield>
                </marcx:datafield>
                <marcx:datafield tag="700" ind1="0" ind2="0">
                  <marcx:subfield code="0"/>
                  <marcx:subfield code="a">Brꜳger</marcx:subfield>
                  <marcx:subfield code="h">Rune</marcx:subfield>
                </marcx:datafield>
                <marcx:datafield tag="700" ind1="0" ind2="0">
                  <marcx:subfield code="0"/>
                  <marcx:subfield code="a">Juel</marcx:subfield>
                  <marcx:subfield code="h">Nikolaj</marcx:subfield>
                </marcx:datafield>
                <marcx:datafield tag="700" ind1="0" ind2="0">
                  <marcx:subfield code="0"/>
                  <marcx:subfield code="a">Molbech</marcx:subfield>
                  <marcx:subfield code="h">Nicolai</marcx:subfield>
                </marcx:datafield>
                <marcx:datafield tag="700" ind1="0" ind2="0">
                  <marcx:subfield code="0"/>
                  <marcx:subfield code="a">Sonne</marcx:subfield>
                  <marcx:subfield code="h">Kristoffer</marcx:subfield>
                </marcx:datafield>
                <marcx:datafield tag="700" ind1="0" ind2="0">
                  <marcx:subfield code="0"/>
                  <marcx:subfield code="å">1</marcx:subfield>
                  <marcx:subfield code="a">Torp Larsen</marcx:subfield>
                  <marcx:subfield code="h">Nikolaj</marcx:subfield>
                </marcx:datafield>
                <marcx:datafield tag="700" ind1="0" ind2="0">
                  <marcx:subfield code="0"/>
                  <marcx:subfield code="å">6</marcx:subfield>
                  <marcx:subfield code="a">Winther-John</marcx:subfield>
                  <marcx:subfield code="h">Marcus</marcx:subfield>
                </marcx:datafield>
                <marcx:datafield tag="795" ind1="0" ind2="0">
                  <marcx:subfield code="å">11</marcx:subfield>
                  <marcx:subfield code="0"/>
                  <marcx:subfield code="a">Lost my heart</marcx:subfield>
                  <marcx:subfield code="i">written and composed by Kristoffer Sonne &amp; Laust Sonne</marcx:subfield>
                  <marcx:subfield code="i">keyboards by Nikolaj Torp &amp; Laust Sonne</marcx:subfield>
                  <marcx:subfield code="i">voice by N. Molbech</marcx:subfield>
                  <marcx:subfield code="i">add. whoas by K. Sonne</marcx:subfield>
                  <marcx:subfield code="i">claps by N. Molbech &amp; Laust</marcx:subfield>
                  <marcx:subfield code="i">drum programming by Kristoffer Sonne</marcx:subfield>
                </marcx:datafield>
                <marcx:datafield tag="795" ind1="0" ind2="0">
                  <marcx:subfield code="å">12</marcx:subfield>
                  <marcx:subfield code="0"/>
                  <marcx:subfield code="a">Disco heart</marcx:subfield>
                  <marcx:subfield code="i">written and composed by Laust Sonne</marcx:subfield>
                  <marcx:subfield code="i">instruments played by Laust</marcx:subfield>
                </marcx:datafield>
                <marcx:datafield tag="795" ind1="0" ind2="0">
                  <marcx:subfield code="å">13</marcx:subfield>
                  <marcx:subfield code="0"/>
                  <marcx:subfield code="a">Vertigo</marcx:subfield>
                  <marcx:subfield code="i">written and composed by Kristoffer Sonne &amp; Laust Sonne</marcx:subfield>
                  <marcx:subfield code="i">keyboards by Nikolaj Torp</marcx:subfield>
                  <marcx:subfield code="i">add. whoas by Kristoffer Sonne</marcx:subfield>
                  <marcx:subfield code="i">drum programming by Kristoffer Sonne &amp; Laust Sonne</marcx:subfield>
                </marcx:datafield>
                <marcx:datafield tag="795" ind1="0" ind2="0">
                  <marcx:subfield code="å">14</marcx:subfield>
                  <marcx:subfield code="0"/>
                  <marcx:subfield code="a">Taking it back</marcx:subfield>
                  <marcx:subfield code="i">written and composed by Laust Sonne</marcx:subfield>
                  <marcx:subfield code="i">instruments played by Laust</marcx:subfield>
                </marcx:datafield>
                <marcx:datafield tag="795" ind1="0" ind2="0">
                  <marcx:subfield code="å">15</marcx:subfield>
                  <marcx:subfield code="0"/>
                  <marcx:subfield code="a">Can you keep a secret</marcx:subfield>
                  <marcx:subfield code="i">written and composed by Laust Sonne, Rune Brꜳger &amp; Marcus Winther-John</marcx:subfield>
                </marcx:datafield>
                <marcx:datafield tag="795" ind1="0" ind2="0">
                  <marcx:subfield code="å">16</marcx:subfield>
                  <marcx:subfield code="0"/>
                  <marcx:subfield code="a">Spell on you</marcx:subfield>
                  <marcx:subfield code="i">written and composed by Laust Sonne</marcx:subfield>
                  <marcx:subfield code="i">instruments played by Laust</marcx:subfield>
                </marcx:datafield>
                <marcx:datafield tag="795" ind1="0" ind2="0">
                  <marcx:subfield code="å">17</marcx:subfield>
                  <marcx:subfield code="0"/>
                  <marcx:subfield code="a">What about us</marcx:subfield>
                  <marcx:subfield code="i">written and composed by Kristoffer Sonne, Nikolaj Juel &amp; Laust Sonne</marcx:subfield>
                  <marcx:subfield code="i">keyboards by Nikolaj Torp &amp; Laust Sonne</marcx:subfield>
                  <marcx:subfield code="i">drum programming by Kristoffer Sonne &amp; Laust Sonne</marcx:subfield>
                  <marcx:subfield code="i">acoustic guitar by Nikolaj Juel</marcx:subfield>
                </marcx:datafield>
                <marcx:datafield tag="795" ind1="0" ind2="0">
                  <marcx:subfield code="å">18</marcx:subfield>
                  <marcx:subfield code="0"/>
                  <marcx:subfield code="a">Call me up</marcx:subfield>
                  <marcx:subfield code="i">written and composed by Laust Sonne</marcx:subfield>
                  <marcx:subfield code="i">instruments played by Laust</marcx:subfield>
                  <marcx:subfield code="i">breath by N. Molbech</marcx:subfield>
                </marcx:datafield>
                <marcx:datafield tag="795" ind1="0" ind2="0">
                  <marcx:subfield code="å">19</marcx:subfield>
                  <marcx:subfield code="0"/>
                  <marcx:subfield code="a">Walk out the door</marcx:subfield>
                  <marcx:subfield code="i">written and composed by Laust Sonne</marcx:subfield>
                  <marcx:subfield code="i">instruments played by Laust</marcx:subfield>
                </marcx:datafield>
                <marcx:datafield tag="795" ind1="0" ind2="0">
                  <marcx:subfield code="å">20</marcx:subfield>
                  <marcx:subfield code="0"/>
                  <marcx:subfield code="a">How can I</marcx:subfield>
                  <marcx:subfield code="i">written and composed by Laust Sonne</marcx:subfield>
                  <marcx:subfield code="i">instruments played by Laust</marcx:subfield>
                </marcx:datafield>
                <marcx:datafield tag="795" ind1="0" ind2="0">
                  <marcx:subfield code="å">21</marcx:subfield>
                  <marcx:subfield code="0"/>
                  <marcx:subfield code="a">Chills</marcx:subfield>
                  <marcx:subfield code="i">written and composed by Laust Sonne</marcx:subfield>
                  <marcx:subfield code="i">instruments played by Laust</marcx:subfield>
                </marcx:datafield>
                <marcx:datafield tag="795" ind1="0" ind2="0">
                  <marcx:subfield code="å">22</marcx:subfield>
                  <marcx:subfield code="0"/>
                  <marcx:subfield code="a">Like a chemical</marcx:subfield>
                  <marcx:subfield code="i">written and composed by Kristoffer Sonne &amp; Laust Sonne</marcx:subfield>
                  <marcx:subfield code="i">keyboards by Nikolaj Torp &amp; Laust Sonne</marcx:subfield>
                  <marcx:subfield code="i">drum programming by Kristoffer Sonne &amp; Laust Sonne</marcx:subfield>
                </marcx:datafield>
                <marcx:datafield tag="795" ind1="0" ind2="0">
                  <marcx:subfield code="å">23</marcx:subfield>
                  <marcx:subfield code="0"/>
                  <marcx:subfield code="a">Body talk</marcx:subfield>
                  <marcx:subfield code="i">written and composed by Laust Sonne &amp; Galgani</marcx:subfield>
                  <marcx:subfield code="i">programmed by Galgani</marcx:subfield>
                  <marcx:subfield code="i">instruments played by Galgani &amp; Laust</marcx:subfield>
                  <marcx:subfield code="i">add. vocals by Galgani</marcx:subfield>
                </marcx:datafield>
                <marcx:datafield tag="900" ind1="0" ind2="0">
                  <marcx:subfield code="0"/>
                  <marcx:subfield code="a">Larsen</marcx:subfield>
                  <marcx:subfield code="h">Nikolaj Torp</marcx:subfield>
                  <marcx:subfield code="x">se</marcx:subfield>
                  <marcx:subfield code="w">Torp Larsen, Nikolaj</marcx:subfield>
                  <marcx:subfield code="z">700/1</marcx:subfield>
                </marcx:datafield>
                <marcx:datafield tag="900" ind1="0" ind2="0">
                  <marcx:subfield code="0"/>
                  <marcx:subfield code="a">Torp</marcx:subfield>
                  <marcx:subfield code="h">Nikolaj</marcx:subfield>
                  <marcx:subfield code="x">se</marcx:subfield>
                  <marcx:subfield code="w">Torp Larsen, Nikolaj</marcx:subfield>
                  <marcx:subfield code="z">700/1</marcx:subfield>
                </marcx:datafield>
                <marcx:datafield tag="900" ind1="0" ind2="0">
                  <marcx:subfield code="0"/>
                  <marcx:subfield code="a">Jørgensen</marcx:subfield>
                  <marcx:subfield code="h">Marcus Winther-</marcx:subfield>
                  <marcx:subfield code="x">se</marcx:subfield>
                  <marcx:subfield code="w">Winther-John, Marcus</marcx:subfield>
                  <marcx:subfield code="z">700/6</marcx:subfield>
                </marcx:datafield>
                <marcx:datafield tag="900" ind1="0" ind2="0">
                  <marcx:subfield code="0"/>
                  <marcx:subfield code="a">John</marcx:subfield>
                  <marcx:subfield code="h">Marcus Winther-</marcx:subfield>
                  <marcx:subfield code="x">se</marcx:subfield>
                  <marcx:subfield code="w">Winther-John, Marcus</marcx:subfield>
                  <marcx:subfield code="z">700/6</marcx:subfield>
                </marcx:datafield>
                <marcx:datafield tag="s10" ind1="0" ind2="0">
                  <marcx:subfield code="a">DBC</marcx:subfield>
                </marcx:datafield>
              </marcx:record>
            </marcx:collection>
            <oss:openurl/>
<os:identifier>870970-basis:29213836</os:identifier>
<os:creationDate>1980-03-07</os:creationDate>
<os:holdingsCount>12</os:holdingsCount>
<os:lendingLibraries>12</os:lendingLibraries>
            <os:formatsAvailable>
              <os:format>dkabm</os:format>
            </os:formatsAvailable>
          </os:object>
        </os:collection>
      </ns1:originalData>
      <ns1:holdBackEndDate>2012-04-10</ns1:holdBackEndDate>
      <ns1:outputFormat>bibliotekdkFullDisplay</ns1:outputFormat>
    </ns1:formatRequest>
  </SOAP-ENV:Body>
</SOAP-ENV:Envelope>
